<?xml version="1.0" encoding="utf-8"?>
<record xmlns="http://www.loc.gov/MARC21/slim" xmlns:xsi="http://www.w3.org/2001/XMLSchema-instance" xsi:schemaLocation="http://www.loc.gov/MARC21/slim http://www.loc.gov/standards/marcxml/schema/MARC21slim.xsd">
	<leader>     nam a22        4500</leader>
	<controlfield tag="001">3071744</controlfield>
	<controlfield tag="003">NNC</controlfield>
	<controlfield tag="006">m        d        </controlfield>
	<controlfield tag="007">cr cn |||m|||a</controlfield>
	<controlfield tag="008">150603s1932    ua      o     000 0 ara d</controlfield>
	<datafield ind1=" " ind2=" " tag="040">
		<subfield code="a">NNU</subfield>
		<subfield code="b">eng</subfield>
		<subfield code="e">rda</subfield>
		<subfield code="c">NNU</subfield>
	</datafield>
	<datafield ind1=" " ind2=" " tag="090">
		<subfield code="a">BP195.S18</subfield>
		<subfield code="b">A74 1932</subfield>
	</datafield>
	<datafield ind1="0" ind2="0" tag="245">
		<subfield code="6">880-01</subfield>
		<subfield code="a">ʻAshar rasāʼil wa-ʻaqāʼid salafīyah /</subfield>
		<subfield code="c">ʻuniyá bi-nashrihā ... wa-taṣḥīhihā Muḥammad Aḥmad ʻAbd-al-Salām.</subfield>
	</datafield>
	<datafield ind1="1" ind2=" " tag="246">
		<subfield code="6">880-02</subfield>
		<subfield code="i">Title on t.p.:</subfield>
		<subfield code="a">Risālat Lumʻat al-iʻtiqād ... wa-yalīhā ʻAqīdat al-Imām Ibn Abī Dāwud ṣāḥib al-Sunan (manẓūmah) wa-yalīhā ʻAqīdat al-Imām Abī al-Khaṭṭāb al-Kalwadhānī (manẓūmah) wa-yalīhā ... [etc.]</subfield>
	</datafield>
	<datafield ind1=" " ind2=" " tag="250">
		<subfield code="6">880-03</subfield>
		<subfield code="a">al-Ṭabʻah 1.</subfield>
	</datafield>
	<datafield ind1=" " ind2=" " tag="260">
		<subfield code="6">880-04</subfield>
		<subfield code="a">Miṣr :</subfield>
		<subfield code="b">Maṭbaʻat al-Manār,</subfield>
		<subfield code="c">1351 [1932]</subfield>
	</datafield>
	<datafield ind1=" " ind2=" " tag="300">
		<subfield code="a">online resource (72 pages)</subfield>
	</datafield>
	<datafield ind1=" " ind2=" " tag="336">
		<subfield code="a">text</subfield>
		<subfield code="2">rdacontent</subfield>
	</datafield>
	<datafield ind1=" " ind2=" " tag="337">
		<subfield code="a">computer</subfield>
		<subfield code="2">rdamedia</subfield>
	</datafield>
	<datafield ind1=" " ind2=" " tag="338">
		<subfield code="a">online resource</subfield>
		<subfield code="2">rdacarrier</subfield>
	</datafield>
	<datafield ind1="1" ind2=" " tag="490">
		<subfield code="6">880-05</subfield>
		<subfield code="a">al-Jamʻīyah al-Salafīyah ;</subfield>
		<subfield code="v">Rasāʼil: 5</subfield>
	</datafield>
	<datafield ind1=" " ind2=" " tag="500">
		<subfield code="a">Cover title.</subfield>
	</datafield>
	<datafield ind1=" " ind2=" " tag="500">
		<subfield code="a">Part of the Arabic Collections Online (ACO) project, contributed by Columbia University Libraries.</subfield>
	</datafield>
	<datafield ind1="0" ind2=" " tag="505">
		<subfield code="a">1. Lumʻat al-iʻtiqād lil-Imām Ibn Qudāmah -- 2. Manẓumat al-Imām Ibn Abī Dāwud ṣāḥib al-Sunan -- 3. Manẓumat al-Imām al-Kalwadhānī al-rābiʻah -- 4. ʻAqidat al-Imām Abī Ḥasan al-Ashʻarī -- 5. Dhamm al-taʼwīl lil-Imām Ibn Qudāmah ayḍan -- 6. al-Tuḥaf bi-madhāhib al-salaf lil-Qādī al-Shawkānī -- 7. Īḍāḥ li-masʼalat al-maʻīyah wa-hiya taʻlīq lil-Sayyid al-Imām Muḥammad Rashīd Ridā ʻalá al-Tuḥaf -- 8. Fatwá al-Ustādh al-Shaykh ʻAbd al-Majīd Salīm al-muftī al-hālī fī al-ʻalū -- 9. Kalimah khitāmīyah, wa-naṣīhat ʻasjadīyah li-Muḥammad Aḥmad ʻAbd al-Salām -- 10. Risālah fī bidʻ al-ṣalāh lahu ayḍan.</subfield>
	</datafield>
	<datafield ind1=" " ind2=" " tag="533">
		<subfield code="a">Electronic reproduction.</subfield>
		<subfield code="b">New York, N.Y. :</subfield>
		<subfield code="c">New York University,</subfield>
		<subfield code="d">2015.</subfield>
		<subfield code="5">NNU</subfield>
	</datafield>
	<datafield ind1=" " ind2="0" tag="650">
		<subfield code="a">Salafīyah.</subfield>
	</datafield>
	<datafield ind1=" " ind2="0" tag="650">
		<subfield code="a">Islam</subfield>
		<subfield code="x">Doctrines.</subfield>
	</datafield>
	<datafield ind1=" " ind2="7" tag="650">
		<subfield code="a">Islam</subfield>
		<subfield code="x">Doctrines.</subfield>
		<subfield code="2">fast</subfield>
		<subfield code="0">(OCoLC)fst00979787</subfield>
	</datafield>
	<datafield ind1=" " ind2="7" tag="650">
		<subfield code="a">Salafīyah.</subfield>
		<subfield code="2">fast</subfield>
		<subfield code="0">(OCoLC)fst01103729</subfield>
	</datafield>
	<datafield ind1="1" ind2=" " tag="700">
		<subfield code="6">880-06</subfield>
		<subfield code="a">ʻAbd-al-Salām, Muḥammad Ahmad.</subfield>
	</datafield>
	<datafield ind1="1" ind2=" " tag="700">
		<subfield code="6">880-07</subfield>
		<subfield code="a">Ibn Qudāmah, Muwaffaq al-Dīn ʻAbd Allāh ibn Aḥmad,</subfield>
		<subfield code="d">1147-1223.</subfield>
		<subfield code="t">Lumʻat al-iʻtiqād.</subfield>
	</datafield>
	<datafield ind1="1" ind2=" " tag="700">
		<subfield code="6">880-08</subfield>
		<subfield code="a">Sijistānī, ʻAbd Allāh ibn Sulaymān,</subfield>
		<subfield code="d">845-928 or 929.</subfield>
		<subfield code="t">Manẓūmah.</subfield>
	</datafield>
	<datafield ind1="1" ind2=" " tag="700">
		<subfield code="6">880-09</subfield>
		<subfield code="a">Kalwadhānī, Maḥfūẓ ibn Aḥmad,</subfield>
		<subfield code="d">1041-1116.</subfield>
		<subfield code="t">Manẓūmah al-rābiʻah.</subfield>
	</datafield>
	<datafield ind1="1" ind2=" " tag="700">
		<subfield code="6">880-10</subfield>
		<subfield code="a">Ashʻarī, Abū al-Ḥasan ʻAlī ibn Ismāʻīl,</subfield>
		<subfield code="d">873?-935?</subfield>
		<subfield code="t">ʻAqidah.</subfield>
	</datafield>
	<datafield ind1="1" ind2=" " tag="700">
		<subfield code="6">880-11</subfield>
		<subfield code="a">Ibn Qudāmah, Muwaffaq al-Dīn ʻAbd Allāh ibn Aḥmad,</subfield>
		<subfield code="d">1147-1223.</subfield>
		<subfield code="t">Dhamm al-taʼwīl.</subfield>
	</datafield>
	<datafield ind1="1" ind2=" " tag="700">
		<subfield code="6">880-12</subfield>
		<subfield code="a">Shawkānī, Muḥammad ibn ʻAlī,</subfield>
		<subfield code="d">1759-1839.</subfield>
		<subfield code="t">Tuḥaf bi-madhāhib al-salaf.</subfield>
	</datafield>
	<datafield ind1="0" ind2=" " tag="700">
		<subfield code="6">880-13</subfield>
		<subfield code="a">Muḥammad Rashīd Riḍā.</subfield>
		<subfield code="t">Īḍāḥ li-masʼalat al-maʻīyah.</subfield>
	</datafield>
	<datafield ind1="1" ind2=" " tag="700">
		<subfield code="6">880-14</subfield>
		<subfield code="a">Salīm, ʻAbd al-Majīd.</subfield>
		<subfield code="t">Fatwá.</subfield>
	</datafield>
	<datafield ind1="1" ind2=" " tag="700">
		<subfield code="6">880-15</subfield>
		<subfield code="a">ʻAbd al-Salām, Muḥammad Aḥmad.</subfield>
		<subfield code="t">Kalimah khitāmīyah, wa-naṣīhat ʻasjadīyah.</subfield>
	</datafield>
	<datafield ind1="1" ind2=" " tag="700">
		<subfield code="6">880-16</subfield>
		<subfield code="a">ʻAbd al-Salām, Muḥammad Aḥmad.</subfield>
		<subfield code="t">Risālah fī bidʻ al-ṣalāh.</subfield>
	</datafield>
	<datafield ind1="2" ind2=" " tag="710">
		<subfield code="a">Columbia University.</subfield>
		<subfield code="b">Libraries.</subfield>
	</datafield>
	<datafield ind1="0" ind2=" " tag="730">
		<subfield code="a">Arabic Collections Online.</subfield>
	</datafield>
	<datafield ind1="0" ind2="8" tag="776">
		<subfield code="i">Print version:</subfield>
		<subfield code="t">ʻAshar rasāʼil wa-ʻaqāʼid salafīyah</subfield>
		<subfield code="w">(NNC)3071744</subfield>
		<subfield code="w">(OCoLC)47822655</subfield>
	</datafield>
	<datafield ind1=" " ind2="0" tag="830">
		<subfield code="6">880-17</subfield>
		<subfield code="a">Jamʻīyah al-Salafīyah ;</subfield>
		<subfield code="v">Rasāʼil: 5.</subfield>
	</datafield>
	<datafield ind1="4" ind2="0" tag="856">
		<subfield code="u">http://hdl.handle.net/2333.1/8w9gj0ft</subfield>
	</datafield>
	<datafield ind1="0" ind2="0" tag="880">
		<subfield code="6">245-01/r</subfield>
		<subfield code="a">عشر رسائل و عقائد سلفية /</subfield>
		<subfield code="c">عني بنشرها ... و تصحيحها محمد أحمد عبد السلام(مؤسس الجمعية السلفية بالحوامدية، جيزة).</subfield>
	</datafield>
	<datafield ind1="1" ind2=" " tag="880">
		<subfield code="6">246-02/r</subfield>
		<subfield code="i">Title on t.p.:</subfield>
		<subfield code="a">رسالة لمعة الاعتقاد ... ويليها عقيدة الامام ابن ابي داود صاحب السنن (منظومه) ويليها عقيدة الامام ابي الخطاب الكلوذاني (منظومه) ويليها ... [ت.]</subfield>
	</datafield>
	<datafield ind1=" " ind2=" " tag="880">
		<subfield code="6">250-03/r</subfield>
		<subfield code="a">الطبعة 1.</subfield>
	</datafield>
	<datafield ind1=" " ind2=" " tag="880">
		<subfield code="6">260-04/r</subfield>
		<subfield code="a">مصر :</subfield>
		<subfield code="b">مطبعة المنار،</subfield>
		<subfield code="c">١٣٥١ھ [١٩٣٢م]</subfield>
	</datafield>
	<datafield ind1="1" ind2=" " tag="880">
		<subfield code="6">490-05/r</subfield>
		<subfield code="a">الجمعبة السلفية ؛</subfield>
		<subfield code="v">الرسالة ٥</subfield>
	</datafield>
	<datafield ind1="1" ind2=" " tag="880">
		<subfield code="6">700-06/r</subfield>
		<subfield code="a">عبد السلام, محمد أحمد.</subfield>
	</datafield>
	<datafield ind1="1" ind2=" " tag="880">
		<subfield code="6">700-07/r</subfield>
		<subfield code="a">ابن قدامة، موفق الدين عبد الله بن احمد،</subfield>
		<subfield code="d">1147-1223.</subfield>
		<subfield code="t">لمعة الاعتقاد.</subfield>
	</datafield>
	<datafield ind1="1" ind2=" " tag="880">
		<subfield code="6">700-08/r</subfield>
		<subfield code="a">سجستاني، عبد الله بن سليمان،</subfield>
		<subfield code="d">845-928 or 929.</subfield>
		<subfield code="t">منظومة.</subfield>
	</datafield>
	<datafield ind1="1" ind2=" " tag="880">
		<subfield code="6">700-09/r</subfield>
		<subfield code="a">كلوذاني، محفوظ بن احمد،</subfield>
		<subfield code="d">1041-1116.</subfield>
		<subfield code="t">منظومة الرابعة.</subfield>
	</datafield>
	<datafield ind1="1" ind2=" " tag="880">
		<subfield code="6">700-10/r</subfield>
		<subfield code="a">اشعري، ابو الحسن علي بن اسماعيل،</subfield>
		<subfield code="d">873?-935?</subfield>
		<subfield code="t">عقيدة.</subfield>
	</datafield>
	<datafield ind1="1" ind2=" " tag="880">
		<subfield code="6">700-11/r</subfield>
		<subfield code="a">ابن قدامة، موفق الدين عبد الله بن احمد،</subfield>
		<subfield code="d">1147-1223.</subfield>
		<subfield code="t">ذم التأويل.</subfield>
	</datafield>
	<datafield ind1="1" ind2=" " tag="880">
		<subfield code="6">700-12/r</subfield>
		<subfield code="a">شوكاني، محمد بن علي،</subfield>
		<subfield code="d">1759-1839.</subfield>
		<subfield code="t">تحف بمذاهب السلف.</subfield>
	</datafield>
	<datafield ind1="0" ind2=" " tag="880">
		<subfield code="6">700-13/r</subfield>
		<subfield code="a">محمد رشيد رضا.</subfield>
		<subfield code="t">ايضاح لمسألة المعية.</subfield>
	</datafield>
	<datafield ind1="1" ind2=" " tag="880">
		<subfield code="6">700-14/r</subfield>
		<subfield code="a">سليم، عبد المجيد.</subfield>
		<subfield code="t">فتاوى.</subfield>
	</datafield>
	<datafield ind1="1" ind2=" " tag="880">
		<subfield code="6">700-15/r</subfield>
		<subfield code="a">عبد السلام، محمد احمد.</subfield>
		<subfield code="t">كلة ختامية، ونصيهة عسجدية.</subfield>
	</datafield>
	<datafield ind1="1" ind2=" " tag="880">
		<subfield code="6">700-16/r</subfield>
		<subfield code="a">عبد السلام، محمد احمد.</subfield>
		<subfield code="t">رسالة في بدع الصلاه.</subfield>
	</datafield>
	<datafield ind1=" " ind2="0" tag="880">
		<subfield code="6">830-17/r</subfield>
		<subfield code="a">جمعية السلفية ؛</subfield>
		<subfield code="v">رسائل: 5.</subfield>
	</datafield>
	<datafield ind1=" " ind2=" " tag="959">
		<subfield code="a">NNU</subfield>
		<subfield code="b">WEB</subfield>
		<subfield code="c">GENI</subfield>
		<subfield code="t">0</subfield>
		<subfield code="m">Electronic access</subfield>
		<subfield code="s">01</subfield>
	</datafield>
	<datafield ind1=" " ind2=" " tag="999">
		<subfield code="i">NNC_3071744</subfield>
		<subfield code="o">(OCoLC)ocm47822655</subfield>
		<subfield code="s">columbia_aco000532</subfield>
		<subfield code="e">(ERROR-880)</subfield>
		<subfield code="s">columbia_aco000532</subfield>
	</datafield>
</record>
